@inproceedings{Art1,
  author = {Heybrock, Simon and Jo{\'{o}}, B{\'{a}}lint and Kalamkar, Dhiraj D. and Smelyanskiy, Mikhail and Vaidyanathan, Karthikeyan and Wettig, Tilo and Dubey, Pradeep},
  title = {Lattice {QCD} with Domain Decomposition on Intel{\textregistered}
               Xeon Phi Co-Processors},
  booktitle = {International Conference for High Performance Computing, Networking,
               Storage and Analysis, {SC} 2014, New Orleans, LA, USA, November 16-21,
               2014},
  pages = {69--80},
  year = {2014},
  url = {http://dx.doi.org/10.1109/SC.2014.11},
  doi = {10.1109/SC.2014.11},
  timestamp = {Thu, 22 Jan 2015 19:03:31 +0100},
  biburl = {http://dblp.uni-trier.de/rec/bib/conf/sc/HeybrockJKSVWD14},
  bibsource = {dblp computer science bibliography, http://dblp.org}
}

@inproceedings{Art2,
 author = {Plagne, Laurent and H\"{u}lsemann, Frank and Barthou, Denis and Jaeger, Julien},
 title = {Parallel Expression Template for Large Vectors},
 booktitle = {Proceedings of the 8th Workshop on Parallel/High-Performance Object-Oriented Scientific Computing},
 series = {POOSC '09},
 year = {2009},
 isbn = {978-1-60558-547-5},
 location = {Genova, Italy},
 pages = {8:1--8:8},
 articleno = {8},
 numpages = {8},
 url = {http://doi.acm.org/10.1145/1595655.1595663},
 doi = {10.1145/1595655.1595663},
 acmid = {1595663},
 publisher = {ACM},
 address = {New York, NY, USA},
 keywords = {C++ template, OpenMP, expression template, intel TBB, multi-core processors, parallel computing},
} 

@article{Art3,
 author = {Nugteren, Cedric and Corporaal, Henk},
 title = {Bones: An Automatic Skeleton-Based C-to-CUDA Compiler for GPUs},
 journal = {ACM Trans. Archit. Code Optim.},
 issue_date = {January 2015},
 volume = {11},
 number = {4},
 month = dec,
 year = {2014},
 issn = {1544-3566},
 pages = {35:1--35:25},
 articleno = {35},
 numpages = {25},
 url = {http://doi.acm.org/10.1145/2665079},
 doi = {10.1145/2665079},
 acmid = {2665079},
 publisher = {ACM},
 address = {New York, NY, USA},
 keywords = {CUDA, GPU, algorithmic skeletons, compiler, parallel programming},
} 

@article{Art4,
 author = {Nugteren, Cedric and Custers, Pieter and Corporaal, Henk},
 title = {Algorithmic Species: A Classification of Affine Loop Nests for Parallel Programming},
 journal = {ACM Trans. Archit. Code Optim.},
 issue_date = {January 2013},
 volume = {9},
 number = {4},
 month = jan,
 year = {2013},
 issn = {1544-3566},
 pages = {40:1--40:25},
 articleno = {40},
 numpages = {25},
 url = {http://doi.acm.org/10.1145/2400682.2400699},
 doi = {10.1145/2400682.2400699},
 acmid = {2400699},
 publisher = {ACM},
 address = {New York, NY, USA},
 keywords = {Algorithm classification, parallel programming, polyhedral model},
} 

@incollection{Art5,
year={1998},
isbn={978-3-540-65387-5},
booktitle={Computing in Object-Oriented Parallel Environments},
volume={1505},
series={Lecture Notes in Computer Science},
editor={Caromel, Denis and Oldehoeft, RodneyR. and Tholburn, Marydell},
doi={10.1007/3-540-49372-7_24},
title={Arrays in Blitz++},
url={http://dx.doi.org/10.1007/3-540-49372-7_24},
publisher={Springer Berlin Heidelberg},
author={Veldhuizen, Todd L.},
pages={223-230},
language={English}
}

@misc{Art6,
author = {Gregor, Douglas and Järvi, Jaakko},
title = {Variadic Templates for C++0x},
journal = {Journal of Object Technology},
volume = {7},
number = {2}, 
series = {Special Issue OOPS Track at SAC 2007}, 
year = {February 2008},
pages = {31--51}, 
url =  {http://www.jot.fm/issues/issue_2008_02/article2/}
}

@article{Art7,
 author = {Kessler, C. and Löwe, W.},
 title = {Optimized Composition of Performance-aware Parallel Components},
 journal = {Concurr. Comput. : Pract. Exper.},
 issue_date = {April 2012},
 volume = {24},
 number = {5},
 month = apr,
 year = {2012},
 issn = {1532-0626},
 pages = {481--498},
 numpages = {18},
 url = {http://dx.doi.org/10.1002/cpe.1844},
 doi = {10.1002/cpe.1844},
 acmid = {2275379},
 publisher = {John Wiley and Sons Ltd.},
 address = {Chichester, UK},
 keywords = {auto-tuning, parallel computing, program optimization, software component, software composition}
} 

@inproceedings{Art8,
 author = {Dubach, Christophe and Cheng, Perry and Rabbah, Rodric and Bacon, David F. and Fink, Stephen J.},
 title = {Compiling a High-level Language for GPUs: (via Language Support for Architectures and Compilers)},
 booktitle = {Proceedings of the 33rd ACM SIGPLAN Conference on Programming Language Design and Implementation},
 series = {PLDI '12},
 year = {2012},
 isbn = {978-1-4503-1205-9},
 location = {Beijing, China},
 pages = {1--12},
 numpages = {12},
 url = {http://doi.acm.org/10.1145/2254064.2254066},
 doi = {10.1145/2254064.2254066},
 acmid = {2254066},
 publisher = {ACM},
 address = {New York, NY, USA},
 keywords = {gpu, java, lime, map, opencl, reduce, streaming},
} 

@inproceedings{Art9,
 author = {Nugteren, Cedric and Corporaal, Henk},
 title = {Introducing 'Bones': A Parallelizing Source-to-source Compiler Based on Algorithmic Skeletons},
 booktitle = {Proceedings of the 5th Annual Workshop on General Purpose Processing with Graphics Processing Units},
 series = {GPGPU-5},
 year = {2012},
 isbn = {978-1-4503-1233-2},
 location = {London, United Kingdom},
 pages = {1--10},
 numpages = {10},
 url = {http://doi.acm.org/10.1145/2159430.2159431},
 doi = {10.1145/2159430.2159431},
 acmid = {2159431},
 publisher = {ACM},
 address = {New York, NY, USA},
 keywords = {algorithmic skeletons, graphics processing units, parallel programming, source-to-source compilation},
} 

@article{Art10,
 author = {Lei{\ss}a, Roland and Hack, Sebastian and Wald, Ingo},
 title = {Extending a C-like Language for Portable SIMD Programming},
 journal = {SIGPLAN Not.},
 issue_date = {August 2012},
 volume = {47},
 number = {8},
 month = feb,
 year = {2012},
 issn = {0362-1340},
 pages = {65--74},
 numpages = {10},
 url = {http://doi.acm.org/10.1145/2370036.2145825},
 doi = {10.1145/2370036.2145825},
 acmid = {2145825},
 publisher = {ACM},
 address = {New York, NY, USA},
 keywords = {SIMD, SIMT, language theory, parallel programming, polymorphism, semantics, type system, vectorization},
} 

@inproceedings{Art11,
 author = {Nguyen, Anthony and Satish, Nadathur and Chhugani, Jatin and Kim, Changkyu and Dubey, Pradeep},
 title = {3.5DD Blocking Optimization for Stencil Computations on Modern CPUs and GPUs},
 booktitle = {Proceedings of the 2010 ACM/IEEE International Conference for High Performance Computing, Networking, Storage and Analysis},
 series = {SC '10},
 year = {2010},
 isbn = {978-1-4244-7559-9},
 pages = {1--13},
 numpages = {13},
 url = {http://dx.doi.org/10.1109/SC.2010.2},
 doi = {10.1109/SC.2010.2},
 acmid = {1884658},
 publisher = {IEEE Computer Society},
 address = {Washington, DC, USA},
} 

@misc{Art12,
    author = {Clavel Eker and M. Clavel and S. Eker and J. Meseguer},
    title = {Principles of Maude},
    url = {http://citeseer.ist.psu.edu/viewdoc/summary?doi=10.1.1.51.9254},
    year = {1996}
}

@article{Art13,
  author    = {Barthou, Denis and
               Grosdidier, Gilbert and
               Kruse, Michael and
               P{\`{e}}ne, Olivier and
               Tadonki, Claude},
  title     = {{QIRAL:} {A} High Level Language for Lattice {QCD} Code Generation},
  journal   = {CoRR},
  volume    = {abs/1208.4035},
  year      = {2012},
  url       = {http://arxiv.org/abs/1208.4035},
  timestamp = {Wed, 10 Oct 2012 21:28:55 +0200},
  biburl    = {http://dblp.uni-trier.de/rec/bib/journals/corr/abs-1208-4035},
  bibsource = {dblp computer science bibliography, http://dblp.org}
}

@article{Art14,
  author    = {Barthou, Denis and
               Brand{-}Foissac, Olivier and
               Dolbeau, Romain and
               Grosdidier, Gilbert and
               Eisenbeis, Christina and
               Kruse, Michael and
               P{\`{e}}ne, Olivier and
               Petrov, Konstantin and
               Tadonki, Claude},
  title     = {Automated Code Generation for Lattice Quantum Chromodynamics and beyond},
  journal   = {CoRR},
  volume    = {abs/1401.2039},
  year      = {2014},
  url       = {http://arxiv.org/abs/1401.2039},
  timestamp = {Sun, 02 Feb 2014 18:37:28 +0100},
  biburl    = {http://dblp.uni-trier.de/rec/bib/journals/corr/BarthouBDGEKPPT14},
  bibsource = {dblp computer science bibliography, http://dblp.org}
}

@inproceedings{Art15,
  title={Real-time fluid dynamics for games},
  author={Stam, Jos},
  booktitle={Proceedings of the game developer conference},
  volume={18},
  pages={25},
  url={http://www.dgp.toronto.edu/people/stam/reality/Research/pdf/GDC03.pdf},
  year={2003}
}

@inproceedings{Art16,
 author = {Bandishti, Vinayaka and Pananilath, Irshad and Bondhugula, Uday},
 title = {Tiling Stencil Computations to Maximize Parallelism},
 booktitle = {Proceedings of the International Conference on High Performance Computing, Networking, Storage and Analysis},
 series = {SC '12},
 year = {2012},
 isbn = {978-1-4673-0804-5},
 location = {Salt Lake City, Utah},
 pages = {40:1--40:11},
 articleno = {40},
 numpages = {11},
 url = {http://dl.acm.org/citation.cfm?id=2388996.2389051},
 acmid = {2389051},
 publisher = {IEEE Computer Society Press},
 address = {Los Alamitos, CA, USA},
 keywords = {compilers, program transformation}
} 

@inproceedings{Art17,
 author = {Zhou, Xing and Giacalone, Jean-Pierre and Garzar\'{a}n, Mar\'{\i}a Jes\'{u}s and Kuhn, Robert H. and Ni, Yang and Padua, David},
 title = {Hierarchical Overlapped Tiling},
 booktitle = {Proceedings of the Tenth International Symposium on Code Generation and Optimization},
 series = {CGO '12},
 year = {2012},
 isbn = {978-1-4503-1206-6},
 location = {San Jose, California},
 pages = {207--218},
 numpages = {12},
 url = {http://doi.acm.org/10.1145/2259016.2259044},
 doi = {10.1145/2259016.2259044},
 acmid = {2259044},
 publisher = {ACM},
 address = {New York, NY, USA},
 keywords = {compiler optimization, loop tiling and fusion, stencil computation}
} 

@misc{Art18,
    author = {Tang, Yuan and Chowdhury, Rezaul and Luk, Chi-keung and Leiserson, Charles E.},
    title = {Coding Stencil Computations Using the Pochoir Stencil-Specification Language},
    url = {http://citeseerx.ist.psu.edu/viewdoc/summary?doi=10.1.1.363.9610},
    year = {2011}
}

@inproceedings{Art19,
 author = {Holewinski, Justin and Pouchet, Louis-No\"{e}l and Sadayappan, P.},
 title = {High-performance Code Generation for Stencil Computations on GPU Architectures},
 booktitle = {Proceedings of the 26th ACM International Conference on Supercomputing},
 series = {ICS '12},
 year = {2012},
 isbn = {978-1-4503-1316-2},
 location = {San Servolo Island, Venice, Italy},
 pages = {311--320},
 numpages = {10},
 url = {http://doi.acm.org/10.1145/2304576.2304619},
 doi = {10.1145/2304576.2304619},
 acmid = {2304619},
 publisher = {ACM},
 address = {New York, NY, USA},
 keywords = {gpu, opencl, overlapped tiling, stencil}
} 

@inproceedings{Art20,
    author = {Veldhuizen, Todd L. and Gannon, Dennis},
    title = {Active Libraries: Rethinking the roles of compilers and libraries},
    booktitle = {In Proceedings of the SIAM Workshop on Object Oriented Methods for Inter-operable Scientific and Engineering Computing OO’98},
    year = {1998},
    url = {http://arxiv.org/abs/math/9810022},
    publisher = {SIAM Press}
}

@article{Art21,
    author = {Veldhuizen, Todd L.},
    title = {Expression Templates},
    journal = {C++ Report},
    year = {1995},
    volume = {7},
    pages = {26--31},
    url = {http://citeseerx.ist.psu.edu/viewdoc/summary?doi=10.1.1.43.248}
}

@incollection{Art22,
	year={2004},
	isbn={978-3-540-22119-7},
	booktitle={Domain-Specific Program Generation},
	volume={3016},
	series={Lecture Notes in Computer Science},
	editor={Lengauer, Christian and Batory, Don and Consel, Charles and Odersky, Martin},
	doi={10.1007/978-3-540-25935-0_18},
	title={Guaranteed Optimization for Domain-Specific Programming},
	url={http://dx.doi.org/10.1007/978-3-540-25935-0_18},
	publisher={Springer Berlin Heidelberg},
	author={Veldhuizen, Todd L.},
	pages={307-324},
	language={English}
}

@inproceedings{Art23,
	author={Watson, G.R. and Rasmussen, C.E. and Tibbitts, B.R.},
	booktitle={Parallel Distributed Processing, 2009. IPDPS 2009. IEEE International Symposium on},
	title={An integrated approach to improving the parallel application development process},
	year={2009},
	month={May},
	pages={1-8},
	keywords={application program interfaces;message passing;parallel programming;MPI code;clock scaling;feature-size reduction;message passing interface;multicore technologies;multiprocessor technologies;parallel application development process;parallel programming;parallel tools platform project;Application software;Concurrent computing;Debugging;Electronics packaging;Hardware;Parallel processing;Parallel programming;Performance analysis;Programming profession;System recovery},
	doi={10.1109/IPDPS.2009.5160941},
	url={https://www.computer.org/csdl/proceedings/ipdps/2009/3751/00/05160941.pdf},
	ISSN={1530-2075}
}

@inproceedings{Art24,
	author={Balasundaram, V. and Kennedy, K. and Kremer, U. and McKinley, K. and Subhlok, J.},
	booktitle={Supercomputing, 1989. Supercomputing '89. Proceedings of the 1989 ACM/IEEE Conference on},
	title={The parascope editor: an interactive parallel programming tool},
	year={1989},
	month={Nov},
	pages={540-550},
	keywords={Parallel programming},
	url={http://ieeexplore.ieee.org/xpl/articleDetails.jsp?arnumber=5348986},
	doi={10.1145/76263.76323}
}

@inproceedings{Art25,
	author={Larsen, P. and Ladelsky, R. and Lidman, J. and McKee, S.A. and Karlsson, S. and Zaks, A.},
	booktitle={Parallel Processing (ICPP), 2012 41st International Conference on},
	title={Parallelizing more Loops with Compiler Guided Refactoring},
	year={2012},
	month={Sept},
	pages={410-419},
	keywords={benchmark testing;edge detection;parallel programming;parallelising compilers;program control structures;software maintenance;software performance evaluation;application source code modification;automatic loop parallelization;benchmark performance;compiler guided refactoring;edge detection;eight-core Intel Xeon 5570 system;image processing;instruction-level parallelism;interactive compilation feedback system;loop-level parallelism;loop-parallel code generation;parallel application performance;quad-core IBM POWER6 system;scalable parallelized code;semiautomatic parallelization;sequential benchmarks;Arrays;Benchmark testing;Image edge detection;Kernel;Optimization;Production;Radiation detectors;Automatic Loop Parallelization;Compiler Feedback;Refactoring},
	doi={10.1109/ICPP.2012.48},
	url={http://ieeexplore.ieee.org/xpl/articleDetails.jsp?arnumber=6337602},
	ISSN={0190-3918}
}