@electronic{Web1,
	author={Cray},
	title={Chapel Home},
	year={2015},
	url={http://chapel.cray.com/}
}

@online{Web2,
	author={Cpp reference},
	title={Partial template specialization},
	year={2014},
	url={http://en.cppreference.com/w/cpp/language/partial_specialization}
}

@online{Web3,
	author={Schaub, Johannes},
	title={Template and typename keywords},
	year={2009},
	url={http://stackoverflow.com/questions/610245/where-and-why-do-i-have-to-put-the-template-and-typename-keywords}
}

@online{Web4,
	author={Munroe, Randall},
	title={Meta-Analysis},
	year={2015},
	url={http://xkcd.com/1447/}
}

@online{Web5,
	author={Langer, Angelika},
	title={C++ Expression Template},
	year={2003},
	url={http://www.angelikalanger.com/Articles/Cuj/ExpressionTemplates/ExpressionTemplates.htm}
}

@online{Web6,
	author={Edwards, H. Carter and Trott, Christian and Sunderland, Daniel},
	title={Kokkos tutorial},
	year={2013},
	url={https://trilinos.org/oldsite/events/trilinos_user_group_2013/presentations/2013-11-TUG-Kokkos-Tutorial.pdf}
}

@online{Web7,
	author={Intel/MIT},
	title={Cilk Plus},
	year={2013},
	url={https://www.cilkplus.org/}
}
