@thesis{MstThs1,
   author = {Dastgeer, Usman},
   institution = {Linköping University, PELAB - Programming Environment Laboratory},
   pages = {240},
   publisher = {Linköping University Electronic Press},
   school = {Linköping UniversityLinköping University, PELAB - Programming Environment Laboratory, The Institute of Technology},
   title = {Skeleton Programming for Heterogeneous GPU-based Systems},
   series = {Linköping Studies in Science and Technology. Thesis},
   number = {1504},
   url = {http://liu.diva-portal.org/smash/record.jsf?pid=diva2\%3A437140},
   year = {2011}
}

@thesis{Ths1,
   author = {Dastgeer, Usman},
   institution = {Linköping University, PELAB - Programming Environment Laboratory},
   pages = {90},
   publisher = {Linköping University Electronic Press},
   school = {Linköping UniversityLinköping University, PELAB - Programming Environment Laboratory, The Institute of Technology},
   title = {Performance-aware Component Composition for GPU-based systems},
   series = {Linköping Studies in Science and Technology. Thesis},
   number = {1581},
   url = {http://liu.diva-portal.org/smash/record.jsf?pid=diva2\%3A712422},
   year = {2014}
}

@thesis{Ths2,
	author={Amini, Mehdi},
	title={Source-to-Source Automatic Program Transformations for GPU-like Hardware Accelerators},
	school={Mines ParisTech},
	url={http://hal-ineris.ccsd.cnrs.fr/ENSMP_CRI/pastel-00958033v1},
	year={2012}
}

@thesis{Ths3,
	author={Thibault, Samuel},
	title={Ordonnancement de processus légers sur architectures multiprocesseurs hiérarchiques : BubbleSched, une approche exploitant la structure du parallélisme des applications},
	school={Université Bordeaux 1},
	url={https://tel.archives-ouvertes.fr/tel-00322881},
	year={2007}
}

@thesis{Ths4,
	author={Broquedis, François},
	title={De l’exécution structurée d’applications scientifiques OpenMP sur architectures hiérarchiques},
	school={Université Bordeaux 1},
	url={https://hal.inria.fr/tel-00793472/en},
	year={2010}
}
