@inproceedings{Art1,
author = {Irrera, I. and Duraes, J. and Vieira, M.},
booktitle = {High-Assurance Systems Engineering (HASE), 2014 IEEE 15th International Symposium on},
title = {On the Need for Training Failure Prediction Algorithms in Evolving Software Systems},
year = {2014},
month = {Jan},
pages = {216-223},
keywords = {Web services;software performance evaluation;software reliability;system recovery;ROC-AUC;evolving software systems;failure prediction algorithm training;fault injection;fault virtualization;prediction performance;receiver operating characteristic area under curve;web-serving system;Prediction algorithms;Servers;Software;Testing;Training;Virtual machining;Virtualization;dependability;evolving systems;failure prediction;fault injection;virtual machines},
doi = {10.1109/HASE.2014.38}
}

@inproceedings{Art2,
author = {Shalan, A. and Zulkernine, M.},
booktitle = {Engineering of Complex Computer Systems (ICECCS), 2013 18th International Conference on},
title = {Runtime Prediction of Failure Modes from System Error Logs},
year = {2013},
month = {July},
pages = {232-241},
keywords = {SQL;public domain software;software reliability;PostgreSQL opensource database;failure modes;failure occurrences;failure prediction techniques;runtime error-spread signature;runtime intervals;runtime prediction;software reliability;software systems;system error log records;system error logs;Accuracy;Equations;History;Mathematical model;Radiation detectors;Runtime;Software systems;failure mode;failure prediction;regression analysis;runtime error log;software reliability},
doi = {10.1109/ICECCS.2013.41}
}

@techreport{Art3,
 author = {Dmitriev, Mikhail},
 title = {Safe Class and Data Evolution in Large and Long-Lived Java[Tm] Applications},
 year = {2001},
 publisher = {Sun Microsystems, Inc.},
 address = {Mountain View, CA, USA}
} 

@article{Art4,
 author = {Buyya, Rajkumar and Yeo, Chee Shin and Venugopal, Srikumar and Broberg, James and Brandic, Ivona},
 title = {Cloud Computing and Emerging IT Platforms: Vision, Hype, and Reality for Delivering Computing As the 5th Utility},
 journal = {Future Gener. Comput. Syst.},
 issue_date = {June, 2009},
 volume = {25},
 number = {6},
 month = jun,
 year = {2009},
 issn = {0167-739X},
 pages = {599--616},
 numpages = {18},
 url = {http://dx.doi.org/10.1016/j.future.2008.12.001},
 doi = {10.1016/j.future.2008.12.001},
 acmid = {1529211},
 publisher = {Elsevier Science Publishers B. V.},
 address = {Amsterdam, The Netherlands, The Netherlands},
 keywords = {Cloud computing, Data Centers, Market-oriented resource allocation, Utility computing, Virtualization},
} 

@unpublished{Art5,
title = {Instrumenting Java bytecode},
year = {2005},
author = {Jari Aarniala},
school = {Department of Computer Science, University of Helsinki, Finland}
}

@inproceedings{Art6,
 author = {Martinez, Matias and Weimer, Westley and Monperrus, Martin},
 title = {Do the Fix Ingredients Already Exist? An Empirical Inquiry into the Redundancy Assumptions of Program Repair Approaches},
 booktitle = {Companion Proceedings of the 36th International Conference on Software Engineering},
 series = {ICSE Companion 2014},
 year = {2014},
 isbn = {978-1-4503-2768-8},
 location = {Hyderabad, India},
 pages = {492--495},
 numpages = {4},
 url = {http://doi.acm.org/10.1145/2591062.2591114},
 doi = {10.1145/2591062.2591114},
 acmid = {2591114},
 publisher = {ACM},
 address = {New York, NY, USA},
 keywords = {automatic software repair, mining software repositories},
} 

@article{Art7,
year = {2010},
issn = {1867-4828},
journal = {Journal of Internet Services and Applications},
volume = {1},
number = {1},
doi = {10.1007/s13174-010-0007-6},
title = {Cloud computing: state-of-the-art and research challenges},
url = {http://dx.doi.org/10.1007/s13174-010-0007-6},
publisher = {Springer-Verlag},
keywords = {Cloud computing; Data centers; Virtualization},
author = {Zhang, Qi and Cheng, Lu and Boutaba, Raouf},
pages = {7-18},
language = {English}
}

@inproceedings{Art8,
 author = {Monperrus, Martin},
 title = {A Critical Review of "Automatic Patch Generation Learned from Human-written Patches": Essay on the Problem Statement and the Evaluation of Automatic Software Repair},
 booktitle = {Proceedings of the 36th International Conference on Software Engineering},
 series = {ICSE 2014},
 year = {2014},
 isbn = {978-1-4503-2756-5},
 location = {Hyderabad, India},
 pages = {234--242},
 numpages = {9},
 url = {http://doi.acm.org/10.1145/2568225.2568324},
 doi = {10.1145/2568225.2568324},
 acmid = {2568324},
 publisher = {ACM},
 address = {New York, NY, USA},
 keywords = {Bugs, automatic patch generation, automatic program fixing, automatic software repair, error recovery, faults},
} 

@inproceedings{Art9,
author = {Nistor, Adrian and Po-Chang, Chun and Radoi, Cosmin and Shan, Lu},
title = {CARAMEL: Detecting and Fixing Performance Problems That Have Non-Intrusive Fixes},
year = {2015},
location = {Florence, Italia},
booktitle = {37th International Conference on Software Engineering},
series = {ICSE 2015}
}

@inproceedings{Art10,
   author              = {Marek, Luk√°s and 
                          Zheng, Yudi and 
                          Ansaloni, Danilo and 
                          Sarimbekov, Aibek and 
                          Binder, Walter and 
                          Tuma, Petr and 
                          Qi, Zhengwei},
   title               = {Java Bytecode Instrumentation Made Easy: The DiSL Framework for Dynamic Program Analysis.},
   booktitle           = {APLAS},
   year                = {2012},
   pages               = {256-263},
   url                  = {http://dx.doi.org/10.1007/978-3-642-35182-2_18}
}

@incollection{Art11,
year={2012},
isbn={978-3-642-33677-5},
booktitle={Computer Safety, Reliability, and Security},
volume={7612},
series={Lecture Notes in Computer Science},
editor={Ortmeier, Frank and Daniel, Peter},
doi={10.1007/978-3-642-33678-2_16},
title={Online Black-Box Failure Prediction for Mission Critical Distributed Systems},
url={http://dx.doi.org/10.1007/978-3-642-33678-2_16},
publisher={Springer Berlin Heidelberg},
author={Baldoni, Roberto and Lodi, Giorgia and Montanari, Luca and Mariotta, Guido and Rizzuto, Marco},
pages={185-197},
language={English}
}

@article{Art12,
year={2015},
issn={1382-3256},
journal={Empirical Software Engineering},
volume={20},
number={1},
doi={10.1007/s10664-013-9282-8},
title={Mining software repair models for reasoning on the search space of automated program fixing},
url={http://dx.doi.org/10.1007/s10664-013-9282-8},
publisher={Springer US},
keywords={Mining software repositories; Automated software repair; Search-based software engineering},
author={Martinez, Matias and Monperrus, Martin},
pages={176-205},
language={English}
}

@inproceedings{Art13,
 author = {DeMarco, Favio and Xuan, Jifeng and Le Berre, Daniel and Monperrus, Martin},
 title = {Automatic Repair of Buggy if Conditions and Missing Preconditions with SMT},
 booktitle = {Proceedings of the 6th International Workshop on Constraints in Software Testing, Verification, and Analysis},
 series = {CSTVA 2014},
 year = {2014},
 isbn = {978-1-4503-2847-0},
 location = {Hyderabad, India},
 pages = {30--39},
 numpages = {10},
 url = {http://doi.acm.org/10.1145/2593735.2593740},
 doi = {10.1145/2593735.2593740},
 acmid = {2593740},
 publisher = {ACM},
 address = {New York, NY, USA},
 keywords = {Automatic repair, SMT, angelic fix localization, buggy if condition, missing precondition, test suite}
} 

@incollection{Art14,
year={2010},
isbn={978-3-642-15671-7},
booktitle={Network and Parallel Computing},
volume={6289},
series={Lecture Notes in Computer Science},
editor={Ding, Chen and Shao, Zhiyuan and Zheng, Ran},
doi={10.1007/978-3-642-15672-4_23},
title={Online Event Correlations Analysis in System Logs of Large-Scale Cluster Systems},
url={http://dx.doi.org/10.1007/978-3-642-15672-4_23},
publisher={Springer Berlin Heidelberg},
keywords={System logs; online log analysis; event correlations; online event prediction},
author={Zhou, Wei and Zhan, Jianfeng and Meng, Dan and Zhang, Zhihong},
pages={262-276},
language={English}
}

@inproceedings{Art15,
 author = {Yuan, Ding and Park, Soyeon and Huang, Peng and Liu, Yang and Lee, Michael M. and Tang, Xiaoming and Zhou, Yuanyuan and Savage, Stefan},
 title = {Be Conservative: Enhancing Failure Diagnosis with Proactive Logging},
 booktitle = {Proceedings of the 10th USENIX Conference on Operating Systems Design and Implementation},
 series = {OSDI'12},
 year = {2012},
 isbn = {978-1-931971-96-6},
 location = {Hollywood, CA, USA},
 pages = {293--306},
 numpages = {14},
 url = {http://dl.acm.org/citation.cfm?id=2387880.2387909},
 acmid = {2387909},
 publisher = {USENIX Association},
 address = {Berkeley, CA, USA}
} 

@inproceedings{Art16,
 author = {Binder, Walter and Hulaas, Jarle and Moret, Philippe},
 title = {Advanced Java Bytecode Instrumentation},
 booktitle = {Proceedings of the 5th International Symposium on Principles and Practice of Programming in Java},
 series = {PPPJ '07},
 year = {2007},
 isbn = {978-1-59593-672-1},
 location = {Lisboa, Portugal},
 pages = {135--144},
 numpages = {10},
 url = {http://doi.acm.org/10.1145/1294325.1294344},
 doi = {10.1145/1294325.1294344},
 acmid = {1294344},
 publisher = {ACM},
 address = {New York, NY, USA},
 keywords = {JVM, Java, dynamic bytecode instrumentation, dynamic metrics, profiling, program transformations}
} 

@inproceedings{Art17,
 author = {Salfner, Felix and Tschirpke, Steffen},
 title = {Error Log Processing for Accurate Failure Prediction},
 booktitle = {Proceedings of the First USENIX Conference on Analysis of System Logs},
 series = {WASL'08},
 year = {2008},
 location = {San Diego, California},
 pages = {4--4},
 numpages = {1},
 url = {http://dl.acm.org/citation.cfm?id=1855886.1855890},
 acmid = {1855890},
 publisher = {USENIX Association},
 address = {Berkeley, CA, USA}
} 

@phdthesis{Art18,
author = {Shivaji, Shivkumar},
title = {Efficient Bug Prediction and Fix Suggestions},
year = {2013},
school = {University of California, Santa Cruz}
}

@article{Art19,
 author = {Schulte, Eric and Dorn, Jonathan and Harding, Stephen and Forrest, Stephanie and Weimer, Westley},
 title = {Post-compiler Software Optimization for Reducing Energy},
 journal = {SIGARCH Comput. Archit. News},
 issue_date = {March 2014},
 volume = {42},
 number = {1},
 month = feb,
 year = {2014},
 issn = {0163-5964},
 pages = {639--652},
 numpages = {14},
 url = {http://doi.acm.org/10.1145/2654822.2541980},
 doi = {10.1145/2654822.2541980},
 acmid = {2541980},
 publisher = {ACM},
 address = {New York, NY, USA},
 keywords = {assembly code, compilation, evolutionary computation, mutational robustness, power modeling, profile-guided optimization, superoptimization}
} 

@inproceedings{Art20,
author={Gonzalez-Herrera, I. and Bourcier, J. and Daubert, E. and Rudametkin, W. and Barais, O. and Fouquet, F. and Jezequel, J.-M.},
booktitle={Software Architecture (WICSA), 2014 IEEE/IFIP Conference on},
title={Scapegoat: An Adaptive Monitoring Framework for Component-Based Systems},
year={2014},
month={April},
pages={67-76},
keywords={object-oriented methods;software fault tolerance;Scapegoat framework;adaptive monitoring framework;anomaly detection;component-based systems;faulty software component identification;localized just-in-time monitoring;optimistic adaptive monitoring system;virtual machine;Adaptation models;Adaptive systems;Contracts;Monitoring;Probes;Software;Based Software Architecture;Models@runtime;Monitoring;Software Adaptation},
doi={10.1109/WICSA.2014.49}
}

@article{Art21,
 author = {Zhang, Xin and Mangal, Ravi and Naik, Mayur and Yang, Hongseok},
 title = {Hybrid Top-down and Bottom-up Interprocedural Analysis},
 journal = {SIGPLAN Not.},
 issue_date = {June 2014},
 volume = {49},
 number = {6},
 month = jun,
 year = {2014},
 issn = {0362-1340},
 pages = {249--258},
 numpages = {10},
 url = {http://doi.acm.org/10.1145/2666356.2594328},
 doi = {10.1145/2666356.2594328},
 acmid = {2594328},
 publisher = {ACM},
 address = {New York, NY, USA},
} 


